% Program Studi D-IV Komputasi Statistik
% Politeknik Statistika STIS
%
% Berikut ini adalah contoh penggunaan referensi dalam format BibTeX
% 
% 

% Contoh referensi berupa: Buku

@book{pustaka1,
author={A. E. Brouwer and W. H. Haemers},
title={Spectra of Graphs}, 
publisher={Springer}, 
year={2012}, 
address={New York},
}

% Contoh referensi berupa: Bagian/Bab dalam Buku

@inbook{pustaka2,
author={Shakarian, Paulo and Bhatnagar, Abhinav and Aleali, Ashkan and Shaabani, Elham and Guo, Ruocheng},
title={The Independent Cascade and Linear Threshold Models},
bookTitle={Diffusion in Social Networks},
year={2015},
publisher={Springer International Publishing},
address={Cham},
pages={35--48},
isbn={978-3-319-23105-1},
doi={10.1007/978-3-319-23105-1_4},
}

% Contoh referensi berupa: Jurnal

@article{pustaka3, 
author={C. Chen and H. Tong and B. A. Prakash and C. E. Tsourakakis and T. Eliassi-Rad and C. Faloutsos and D. H. Chau}, 
journal={IEEE Transaction on Knowledge and Data Engineering}, 
title={Node Immunization on Large Graphs: Theory and Algorithms}, 
year={2016}, 
volume={28}, 
number={1}, 
pages={113-126},
month={Jan},
publisher={IEEE},
address={New York, USA},
}

% Contoh referensi berupa: Seminar/Proceeding

@inproceedings{pustaka4, 
author={Wijayanto, Arie Wahyu and Murata, Tsuyoshi},  
title={Learning Adaptive Graph Protection Strategy on Dynamic Networks via Reinforcement Learning}, 
booktitle={2018 IEEE/WIC/ACM International Conference on Web Intelligence (WI)}, 
series={WI 2018},
year={2018}, 
month={Dec},
pages={534-539},
doi={10.1109/WI.2018.00-41},
publisher={IEEE},
address={New York, USA},
}

% Contoh referensi berupa: Sumber elektronik (Website)

@online{pustaka5,
author={Facebook},
title={How does News Feed decide which stories to show?},
year={2017},
month={3},
url={https://www.facebook.com/help/166738576721085},
urldate={2017-03-08}
}


